@inproceedings{dyer2013,
  author = {Dyer, Robert and Nguyen, Hoan Anh and Rajan, Hridesh and Nguyen, Tien N.},
  title = {Boa: A Language and Infrastructure for Analyzing Ultra-Large-Scale Software Repositories},
  booktitle = {Proceedings of the 35th International Conference on Software Engineering},
  year = {2013},
  series = {{ICSE}'13},
  pages = {422--431},
  location = {San Francisco, CA},
}

@inproceedings{zhong2015,
  author    = {Hao Zhong and
               Zhendong Su},
  title     = {An Empirical Study on Real Bug Fixes},
  booktitle = {37th {IEEE/ACM} International Conference on Software Engineering,
               {ICSE} 2015, Florence, Italy, May 16-24, 2015, Volume 1},
  pages     = {913--923},
  year      = {2015},
}

@article{pan2009,
  title={Toward an understanding of bug fix patterns},
  author={Pan, Kai and Kim, Sunghun and Whitehead Jr, E James},
  journal={Empirical Software Engineering},
  volume={14},
  number={3},
  pages={286--315},
  year={2009},
  publisher={Springer}
}
	
@inproceedings{kim2013,
  title={Automatic patch generation learned from human-written patches},
  author={Kim, Dongsun and Nam, Jaechang and Song, Jaewoo and Kim, Sunghun},
  booktitle={Proceedings of the 2013 International Conference on Software Engineering},
  pages={802--811},
  year={2013},
  organization={IEEE Press}
}
	
@inproceedings{fry2010,
  title={A human study of fault localization accuracy},
  author={Fry, Zachary P and Weimer, Westley},
  booktitle={Software Maintenance (ICSM), 2010 IEEE International Conference on},
  pages={1--10},
  year={2010},
  organization={IEEE}
}

@article{legoues2012,
  title={Genprog: A generic method for automatic software repair},
  author={Le Goues, Claire and Nguyen, ThanhVu and Forrest, Stephanie and Weimer, Westley},
  journal={Software Engineering, IEEE Transactions on},
  volume={38},
  number={1},
  pages={54--72},
  year={2012},
  publisher={IEEE}
}

@inproceedings{weimer2009,
  title={Automatically finding patches using genetic programming},
  author={Weimer, Westley and Nguyen, ThanhVu and Le Goues, Claire and Forrest, Stephanie},
  booktitle={Proceedings of the 31st International Conference on Software Engineering},
  pages={364--374},
  year={2009},
  organization={IEEE Computer Society}
}
